<record><leader>00000cas a2200000 a 4500</leader><controlfield tag="001">26884449</controlfield><controlfield tag="008">921029d187419uuiluwr ne      0   a0eng c</controlfield><datafield ind1=" " ind2=" " tag="010"><subfield code="a">sn 92054648 </subfield></datafield><datafield ind1=" " ind2=" " tag="040"><subfield code="a">NVF</subfield><subfield code="b">eng</subfield><subfield code="c">NVF</subfield><subfield code="d">CVF</subfield><subfield code="d">NVF</subfield><subfield code="d">OCLCF</subfield><subfield code="d">NVF</subfield><subfield code="d">OCLCO</subfield></datafield><datafield ind1="1" ind2=" " tag="029"><subfield code="a">AU@</subfield><subfield code="b">000040600033</subfield></datafield><datafield ind1=" " ind2=" " tag="042"><subfield code="a">pcc</subfield></datafield><datafield ind1=" " ind2=" " tag="043"><subfield code="a">n-us-il</subfield></datafield><datafield ind1="0" ind2=" " tag="130"><subfield code="a">Independent (Murphysboro, Ill.)</subfield></datafield><datafield ind1="1" ind2="4" tag="245"><subfield code="a">The independent.</subfield></datafield><datafield ind1="1" ind2=" " tag="246"><subfield code="i">Occasionally published as:</subfield><subfield code="a">Murphysboro independent</subfield><subfield code="f">&lt;Apr. 17, 1875-Mar. 14, 1902&gt;</subfield></datafield><datafield ind1="1" ind2="3" tag="246"><subfield code="a">Murphysboro weekly independent</subfield></datafield><datafield ind1=" " ind2=" " tag="260"><subfield code="a">Murphysboro, Ill. :</subfield><subfield code="b">Dishon &amp; Grear</subfield></datafield><datafield ind1="3" ind2=" " tag="260"><subfield code="3">Dec. 3, 1886-</subfield><subfield code="a">Murphysboro, Ill. :</subfield><subfield code="b">Gill and Kimbal</subfield></datafield><datafield ind1=" " ind2=" " tag="300"><subfield code="a">v.</subfield></datafield><datafield ind1=" " ind2=" " tag="310"><subfield code="a">Weekly</subfield></datafield><datafield ind1="1" ind2=" " tag="362"><subfield code="a">Began in 1874?</subfield></datafield><datafield ind1=" " ind2=" " tag="500"><subfield code="a">"Official County paper."</subfield></datafield><datafield ind1=" " ind2=" " tag="588"><subfield code="a">Description based on: Vol. 1, no. 29 (Apr. 30, 1874).</subfield></datafield><datafield ind1=" " ind2=" " tag="588"><subfield code="a">Latest issue consulted: Vol. 29, no. 18 (Mar. 14, 1902).</subfield></datafield><datafield ind1=" " ind2="0" tag="651"><subfield code="a">Murphysboro (Ill.)</subfield><subfield code="v">Newspapers.</subfield></datafield><datafield ind1=" " ind2="0" tag="651"><subfield code="a">Jackson County (Ill.)</subfield><subfield code="v">Newspapers.</subfield></datafield><datafield ind1=" " ind2="7" tag="651"><subfield code="a">Illinois</subfield><subfield code="z">Jackson County.</subfield><subfield code="2">fast</subfield><subfield code="0">(OCoLC)fst01207037</subfield></datafield><datafield ind1=" " ind2="7" tag="651"><subfield code="a">Illinois</subfield><subfield code="z">Murphysboro.</subfield><subfield code="2">fast</subfield><subfield code="0">(OCoLC)fst01207038</subfield></datafield><datafield ind1=" " ind2="7" tag="655"><subfield code="a">Newspapers.</subfield><subfield code="2">fast</subfield><subfield code="0">(OCoLC)fst01423814</subfield></datafield><datafield ind1=" " ind2=" " tag="752"><subfield code="a">United States</subfield><subfield code="b">Illinois</subfield><subfield code="c">Jackson</subfield><subfield code="d">Murphysboro.</subfield></datafield></record>